@article {chazelle,
   author = {Chazelle, Bernard},
   affiliation = {Princeton University Department of Computer Science 08544 Princeton NJ USA 08544 Princeton NJ USA},
   title = {Triangulating a simple polygon in linear time},
   journal = {Discrete \& Computational Geometry},
   publisher = {Springer New York},
   issn = {0179-5376},
   keyword = {Mathematics and Statistics},
   pages = {485-524},
   volume = {6},
   issue = {1},
   url = {http://dx.doi.org/10.1007/BF02574703},
   note = {10.1007/BF02574703},
   year = {1991}
}

@incollection {bunge,
author = {Bunge, W},
title = {Theoretical Geography},
year = {1962},
booktitle = {{Lund Studies in Geography Series C: General and
                  Mathematical Geography}},
publisher = {Gleerup},
address = {Lund, Sweden},
}

@article {ewing,
author = {Ewing, G. O. and Wolfe, R.},
year = {1977},
title = {Surface feature interpolation on two-dimensional time-
space maps},
volume = {9},
pages = {429--437},
address = {London},
publisher = {Pion}
}

@book {gatrell,
author = {Gatrell, A. C.},
year = {1983},
title = {Distance and space: a geographical perspective},
publisher = {Clarendon Press},
}

@incollection {johnson,
author = {Johnson, J. H.},
year = {1981},
title = {{The Q-analysis of road traffic systems}},
booktitle = {Environment and Planning},
volume = {8},
issue = {2},
pages = {141--189},
}

@incollection{marchand,
author = {Marchand, B.},
title = {Deformation of a transportation surface.},
year = {1973},
booktitle = {Annals of the Association of
American Geographers},
volume = {63},
issue = {4},
pages = {507--521},
publisher = {Taylor \& Francis, Ltd},
address = {Oxfordshire},
}

@article {shimizu,
author = {Shimizu, E.},
year = {1993},
title = {Time-space Mapping Based on Topological Transformation of Physical
Map},
journal = {Proceedings the 6 the World Conference on Transport Research},
volume = {1},
pages = {219--230},
}

@article {spiekermann,
author = {Spiekermann, K. and Wegener, M.},
year = {1994},
title = {The shrinking continent: new time-space maps of
Europe},
journal = {Environment and Planning B: Planning and Design},
volume = {21},
pages = {653--673},
}

@phdthesis {tobler,
author = {Tobler, W. R.},
year = {1961},
title = {Map transformations of geographic space},
type = {Doctoral dissertation},
address = {University of Washington},
}